<?xml version="1.0" encoding="UTF-8"?><collection xmlns="http://www.loc.gov/MARC21/slim"><record><leader>00446nam--2200157-i-4500</leader><controlfield tag="001">000043899</controlfield><controlfield tag="002">20161230</controlfield><controlfield tag="005">20170128185453</controlfield><controlfield tag="008">060222s1000------------r-----000-0-eng-d</controlfield><datafield ind1=" " ind2=" " tag="100"><subfield code="a">Teleman, Costake</subfield></datafield><datafield ind1=" " ind2=" " tag="245"><subfield code="a">Geometrie euclidiana. Geometrii neeuclidiene. Teoria relativitatii. Editia a II-a</subfield></datafield><datafield ind1=" " ind2=" " tag="260"><subfield code="a">Bucuresti</subfield><subfield code="b">Editura Tehnica</subfield><subfield code="c">1967</subfield></datafield><datafield ind1=" " ind2=" " tag="300"><subfield code="a">335 p</subfield></datafield><datafield ind1=" " ind2=" " tag="700"><subfield code="a">Vranceanu, Gh</subfield></datafield><datafield ind1=" " ind2=" " tag="852"><subfield code="a">28163</subfield><subfield code="c">513</subfield></datafield><datafield ind1=" " ind2=" " tag="CAT"><subfield code="a">SYS</subfield><subfield code="c">20170128</subfield><subfield code="h">185453</subfield></datafield></record></collection>